<record><leader>00000cas a22000007a 4500</leader><controlfield tag="001">27787192</controlfield><controlfield tag="008">930324c19229999okuwr n       0    0eng d</controlfield><datafield ind1=" " ind2=" " tag="010"><subfield code="a">sn 93065980 </subfield></datafield><datafield ind1=" " ind2=" " tag="040"><subfield code="a">OBN</subfield><subfield code="b">eng</subfield><subfield code="c">OBN</subfield><subfield code="d">OCLCQ</subfield></datafield><datafield ind1=" " ind2=" " tag="042"><subfield code="a">msc</subfield></datafield><datafield ind1="0" ind2="4" tag="245"><subfield code="a">The Barnsdall times.</subfield></datafield><datafield ind1=" " ind2=" " tag="260"><subfield code="a">Barnsdall, Okla. :</subfield><subfield code="b">A.R. Zenor &amp; Son</subfield></datafield><datafield ind1=" " ind2=" " tag="300"><subfield code="a">v.</subfield></datafield><datafield ind1=" " ind2=" " tag="310"><subfield code="a">Weekly</subfield></datafield><datafield ind1="0" ind2=" " tag="362"><subfield code="a">Vol. 3, no. 35 (Jan. 5, 1922)-</subfield></datafield><datafield ind1=" " ind2="4" tag="651"><subfield code="a">Barnsdall (Okla.)</subfield><subfield code="v">Newspapers.</subfield></datafield><datafield ind1=" " ind2="4" tag="651"><subfield code="a">Osage County (Okla.)</subfield><subfield code="v">Newspapers.</subfield></datafield><datafield ind1=" " ind2=" " tag="752"><subfield code="a">United States</subfield><subfield code="b">Oklahoma</subfield><subfield code="c">Osage</subfield><subfield code="d">Barnsdall.</subfield></datafield><datafield ind1="0" ind2="0" tag="780"><subfield code="t">Bigheart times</subfield><subfield code="w">(DLC)sn 93065979</subfield></datafield></record>